
@Article{Kawaguchi02,
author="Kawaguchi, Tatsuya
and Akasaka, Yukihiro
and Maeda, Masanobu",
title="Size measurements of droplets and bubbles by advanced interferometric laser imaging technique",
journal="Meas Sci Technol",
year="2002",
month="Feb",
day="00",
volume="13",
pages="308--316",
}

@Article{Pan06,
author="Pan, G.  and Shakal, J.  and Lai, W.  and Calabria, R.  and Massoli, P.  and Pust, O.",
title="Simultaneous Global Size and Velocity Measurement of Droplets and Sprays",
journal="Spray '06 -- Workshop {\"u}ber Sprays, Erfassung von Spr{\"u}hvorg{\"a}ngen und Techniken der Fluidzerst{\"a}ubung",
year="2006",
}

