
@article{Donnelly66,
author = {Donnelly, R. J. and Glaberson, W.}, 
title = {Experiments on the Capillary Instability of a Liquid Jet},
volume = {290}, 
number = {1423}, 
pages = {547--556}, 
year = {1966}, 
doi = {10.1098/rspa.1966.0069}, 
abstract ={The stability of a vertical jet of water has been examined by imposing audio frequency disturbances. Flash photographs allow a direct measurement of the growth rate of the disturbances and the complete dispersion curve has been investigated. The effects of viscosity on the stability have been examined with glycerine-water solutions and have been found to be in good agreement with Chandrasekhar's calculations.}, 
journal = {Proceedings of the Royal Society of London. Series A. Mathematical and Physical Sciences} 
}

@Article{Yang97,
author="Yang, J. C.
and Chien, W.
and King, M.
and Grosshandler, W. L.",
title="A simple piezoelectric droplet generator",
journal="Experiments in Fluids",
year="1997",
volume="23",
pages="445--447",
}

@Article{Ulmke99,
author="Ulmke, Hartmut
    and Wriedt, Thomas
and Bauckhage, Klaus",
title={{Piezoelektrischer Tropfengenerator zur Kalibrierung von
    Partikelz\"{a}hlern}},
journal="Chemie Ingenieur Technik",
year="1999",
volume="71",
number="12",
pages="1387--1391",
}

@Article{Berglund73,
author="Berglund, Richard N.
and Liu, Benjamin Y. H.",
title="Generation of Monodisperse Aerosol Standards",
journal="Environmental Science and Technology",
year="1973",
month="Feb",
volume="7",
pages="147--153",
}

@misc{Endo88,
  title={Bubble jet recording method and apparatus in which a heating element generates bubbles in a liquid flow path to project droplets},
  author={Endo, I. and Sato, Y. and Saito, S. and Nakagiri, T. and Ohno, S.},
  year={1988},
  month=feb # "~2",
  note={US Patent 4,723,129}
}
@book{Lee02,
  title={Microdrop Generation},
  author={Lee, E.R.},
  series={Nano- and Microscience, Engineering, Technology and Medicine},
  year={2002},
  publisher={Taylor \& Francis}
}

@book{Le98,
    title={Progress and trends in inkjet printing technology},
    author={Le, H. P.},
    journal={Journal of Imaging Science and Technology},
    volume={42},
    pages={49--62}
}

@article{Savart33,
    title={Memoire sur la constitution des veines liquides lancees par des
        orifices circulaires en mince paroi},
    author={F\'{e}lix Savart},
    journal={Annales de Chimie et de Physique},
    volume={53},
    year={1833},
    pages={337--386}
}

@Article{Schneider64,
author="Schneider, J. M.
and Hendricks, C. D.",
title="Source of Uniform-Sized Liquid Droplets",
journal="Review of Scientific Instruments",
year="1964",
month="Oct",
day="01",
volume="35",
pages="1349--1350",
}

@Article{Rayleigh79,
author="Rayleigh, Lord",
title="On the Capillary Phenomena of Jets",
journal="Proceedings of the Royal Society of London",
year="1879",
volume="29",
pages="71--97",
file=":/usr/share/nginx/www/lib/library/00063.pdf:PDF"
}

@Article{Strom69,
author="Str{\"o}m, Lars",
title="The Generation of Monodisperse Aerosols by Means of a Disintegrated Jet of Liquid",
journal="Review of Scientific Instruments",
year="1969",
month="Jun",
day="01",
volume="40",
pages="778--782",
file=":/usr/share/nginx/www/lib/library/00064.pdf:PDF"
}

@article{Liu74,
title = "Experimental observation of aerosol deposition in turbulent flow",
journal = "Journal of Aerosol Science",
volume = "5",
number = "2",
pages = "145--155",
year = "1974",
author = "Benjamin Y H Liu and Jugal K Agarwal",
}

@article{Mundo95,
title = "Droplet-wall collisions: Experimental studies of the deformation and breakup process",
journal = "International Journal of Multiphase Flow",
volume = "21",
number = "2",
pages = "151--173",
year = "1995",
author = "Chr. Mundo and M. Sommerfeld and C. Tropea",
}
