@Article{Konig86,
author="K{\"o}nig, G.
and Anders, K.
and Frohn, A.",
title="A new light-scattering technique to measure the diameter of periodically generated moving droplets",
journal="Journal of Aerosol Science",
year="1986",
volume="17",
pages="157--167",
file=":/usr/share/nginx/www/lib/library/00067.pdf:PDF"
}

@Article{Glover95,
author="Glover, A. R.
and Skippon, S. M.
and Boyle, R. D.",
title="Interferometric laser imaging for droplet sizing: a method for droplet-size measurement in sparse spray systems",
journal="Applied Optics",
year="1995",
month="Dec",
day="20",
volume="34",
pages="8409--8421",
file=":/usr/share/nginx/www/lib/library/00051.pdf:PDF"
}

@Article{Damaschke02,
author="Damaschke, N.
and Nobach, H.
and Tropea, C.",
title="Optical limits of particle concentration for multi-dimensional particle sizing techniques in fluid mechanics",
journal="Experiments in Fluids",
year="2002",
volume="32",
pages="143--152",
file=":/usr/share/nginx/www/lib/library/00022.pdf:PDF"
}

@Article{Kawaguchi02,
author="Kawaguchi, Tatsuya
and Akasaka, Yukihiro
and Maeda, Masanobu",
title="Size measurements of droplets and bubbles by advanced interferometric laser imaging technique",
journal="Meas Sci Technol",
year="2002",
month="Feb",
day="00",
volume="13",
pages="308--316",
}

@Article{Pan06,
author="Pan, G.  and Shakal, J.  and Lai, W.  and Calabria, R.  and Massoli, P.  and Pust, O.",
title="Simultaneous Global Size and Velocity Measurement of Droplets and Sprays",
journal="Spray '06 -- Workshop {\"u}ber Sprays, Erfassung von Spr{\"u}hvorg{\"a}ngen und Techniken der Fluidzerst{\"a}ubung",
year="2006",
}


@inproceedings{Querel10,
author="Qu{\'e}rel, Arnaud
and Lemaitre, Pascal
and Brunel, Marc
and Porcheron, Emmanuel
and Gr{\'e}han, G{\'e}rard",
title="Real-time processing algorithm of global interferometric LASER imaging for the droplet sizing (ILIDS) in airborne research",
booktitle="15th International Symposium on Applications of Laser Techniques to Fluid Mechanics",
year="2010",
month="Jul",
day="08",
}

@Article{Maeda02,
author="Maeda, M.
and Akasaka, Y.
and Kawaguchi, T.",
title="Improvements of the interferometric technique for simultaneous measurement of droplet size and velocity vector field and its application to a transient spray",
journal="Experiments in Fluids",
year="2002",
month="Jun",
day="01",
volume="33",
pages="125--134",
}

@inproceedings{Damaschke01,
    author={Damaschke, N.
        and Rasmussen, S.
            and Tropea, C.
            and Woite, A.},
    title={Global phase Doppler technique},
        booktitle={6th International Congress on Optical Particle
            Characterisation, Brighton, UK},
        year={2001}
}

@Article{Hardalupas10,
author="Hardalupas, Yannis
and Sahu, Srikrishna
and Taylor, Alex M. K. P.
and Zarogoulidis, Konstantinos",
title="Simultaneous planar measurement of droplet velocity and size with gas phase velocities in a spray by combined ILIDS and PIV techniques",
journal="Experiments in Fluids",
year="2010",
volume="49",
pages="417--434",
}

@inproceedings{Kurosawa02,
author="Kurosawa, Ryo
and Hishida, Koichi
and Maeda, Masanobu",
title="Combined measurement of LIF and ILIDS for vapor concentration and droplets size and velocity in a spray",
booktitle="11th International Symposium on Applications of Laser Techniques to Fluid Mechanics, Lisbon, Portugal",
year="2002",
}

@InProceedings{Harris88,
author="Harris, C.
and Stephens, M.",
title="A Combined Corner and Edge Detector",
booktitle="Procedings of the Alvey Vision Conference 1988",
year="1988",
month="Jan",
day="01",
pages="23.1--23.6",
}

@InProceedings{Rosten05,
author="Rosten, Edward
and Drummond, Tom",
title="Fusing Points and Lines for High Performance Tracking",
booktitle="2005 IEEE International Conference on Computer Vision (ICCV)",
year="2005",
volume="2",
pages="1508--1515",
}

@InProceedings{Lowe04,
author="Lowe, David G.",
title="Distinctive Image Features from Scale-Invariant Keypoints",
year="2004",
month="Nov",
volume="60",
pages="91",
booktitle="International Journal of Computer Vision"
}

@Article{Bay08,
author="Bay, Herbert
and Ess, Andreas
and Tuytelaars, Tinne
and Gool, Luc Van",
title="Speeded-Up Robust Features (SURF)",
journal="Computer Vision and Image Understanding",
year="2008",
volume="110",
pages="346--359",
}

@InProceedings{Leutenegger11,
author="Leutenegger, Stefan
and Chli, Margarita
and Siegwart, Roland Y.",
title="BRISK: Binary Robust Invariant Scalable Keypoints",
booktitle="2011 IEEE International Conference on Computer Vision (ICCV)",
year="2011",
pages="2548--2555",
}

@InProceedings{Agrawal08,
author="Agrawal, Motilal
and Konolige, Kurt
and Blas, Morten Rufus",
title="CenSurE: Center Surround Extremas for Realtime Feature Detection and Matching",
booktitle="10th European Conference on Computer Vision",
year="2008",
pages="102--115",
}

@InProceedings{Calonder10,
author="Calonder, Michael
and Lepetit, Vincent
and Strecha, Christoph
and Fua, Pascal",
title="BRIEF: Binary Robust Independent Elementary Features",
booktitle="11th European Conference on Computer Vision",
volume="LNCS 6314",
year="2010",
pages="778--792",
}

@InProceedings{Rublee11,
author="Rublee, Ethan
and Rabaud, Vincent
and Konolige, Kurt
and Bradski, Gary",
title="ORB: an efficient alternative to SIFT or SURF",
booktitle="2011 IEEE International Conference on Computer Vision (ICCV)",
year="2011",
month="Nov",
pages="2564--2571",
}


@InProceedings{Muja09,
author="Muja, Marius
and Lowe, David G.",
title="Fast approximate nearest neighbours with automatic algorithm configuration",
booktitle="International Conference on Computer Vision Theory and Applications",
year="2009",
month="Feb",
day="05",
pages="331--340",
}

@Article{Moisan04,
author="Moisan, Lionel
and Stival, B{\'e}renger",
title="A Probabilistic Criterion to Detect Rigid Point Matches Between Two Images and Estimate the Fundamental Matrix",
journal="International Journal of Computer Vision",
year="2004",
volume="57",
pages="201--218",
}

@Article{Fischler81,
author="Fischler, Martin A.
and Bolles, Robert C.",
title="Random Sample Consensus: A Paradigm for Model Fitting with Applications to Image Analysis and Automated Cartography",
journal="Communications of the ACM",
year="1981",
month="Jun",
volume="24",
pages="381--395",
file=":/usr/share/nginx/www/lib/library/00074.pdf:PDF"
}

@InProceedings{Chi11,
author="Chi, Yu-Tseh
and Ho, Jeffrey
and Yang, Ming-Hsuan",
title="A Direct Method for Estimating Planar Projective Transform",
booktitle="10th Asian Conference on Computer Vision",
year="2011",
pages="268--281",
}

@Article{Jian10,
author="Jian, Bing
and Vemuri, Baba C.",
title="Robust Point Set Registration Using Gaussian Mixture Models.",
journal="IEEE transactions on pattern analysis and machine intelligence",
year="2010",
month="Dec",
day="14",
}


@Article{Myronenko10,
author="Myronenko, Andriy
and Song, Xubo",
title="Point set registration: coherent point drift.",
journal="IEEE transactions on pattern analysis and machine intelligence",
year="2010",
month="Dec",
day="01",
volume="32",
pages="2262--2275",
}

