@FOOTNOTE{Note1,key="Note1",note="While slit strip images could be simulated over the focused image (in a procedure analogous to that illustrated in FIG. \ref {fig:making-disks}), the lack of overlap between them could make it significantly more difficult to find ``interesting'' keypoints in the simulated image."}
@CONTROL{REVTEX41Control}
@CONTROL{aip41Control,pages="0",title=""}
